@Book{dataCompr,
author = {Salomon, David},
title = {Data compression, the complete reference},
publisher = {Springer}
}

@Book{Jacobson,
author = {Nathan Jacobson},
title = {Basic Algebra I},
publisher = {W.H. Freeman and Company},
year = {1985},
edition = {second edition}
}

@Book{Rotman,
author = {Joseph J. Rotman},
title = {Advanced Modern Algebra},
publisher = {American Mathematical Society},
year = {2015},
series = {Graduate Texts in Mathematics}
}

@Book{Friedb,
	author = {Friedberg S. H., Insel A. J.,
	Spence L. E.},
	title = {Linear Algebra},
	publisher = {Prentice Hall},
	year = {2003},
	edition = {fourth edition}
}

@Book{Hugo,
	author = {Hugo Alberto Rincón Mejía},
	title = {Álgebra Lineal},
	publisher = {Las prensas de ciencias},
	year = {2011}
}

@Book{Brown,
	author = {William C. Brown},
	title = {A second course in linear algebra},
	publisher = {John Wiley and Sons}
}

@Book{Golan,
	author = {Jonathan S. Golan},
	title = {Foundations of Linear Algebra},
	publisher = {Kluwer Academic Publishers}
}

@Book{Godement,
	author = {Roger Godement},
	title = {Cours d'algèbre},
	publisher = {Hermann éditeurs}
}

@Book{ladr,
	author = {Sheldon Axler},
	title = {Linear Algebra Done Right},
	edition = {fourth edition}
}

@Book{highDimDA,
author = {Wright John, Ma Yi},
title = {High-Dimensional Data Analysis
with Low-Dimensional Models:
Principles, Computation, and Applications},
publisher = {Springer},
year = {1990},
edition = {2nd edition},
series = {Graduate Texts in Mathematics}
}

@misc{rank,
	title = {Rank (Linear Algebra)},
	howpublished = {\url{https://en.wikipedia.org/wiki/Rank_(linear_algebra)}},
	note = {Consultado en: 2025 - 01 -28}
}